<record><leader>00000cas a2200000 a 4500</leader><controlfield tag="001">12201985</controlfield><controlfield tag="008">850626d18821882ksuwr ne      0    0eng d</controlfield><datafield ind1=" " ind2=" " tag="010"><subfield code="a">sn 85029378 </subfield></datafield><datafield ind1=" " ind2=" " tag="040"><subfield code="a">KSH</subfield><subfield code="b">eng</subfield><subfield code="c">KSH</subfield><subfield code="d">NPT</subfield><subfield code="d">OCL</subfield><subfield code="d">OCLCQ</subfield></datafield><datafield ind1=" " ind2=" " tag="042"><subfield code="a">msc</subfield></datafield><datafield ind1="0" ind2="0" tag="245"><subfield code="a">Kansas plebeian.</subfield></datafield><datafield ind1=" " ind2=" " tag="260"><subfield code="a">Lyndon, Kan. :</subfield><subfield code="b">E.D. Hunt,</subfield><subfield code="c">1882-</subfield></datafield><datafield ind1=" " ind2=" " tag="300"><subfield code="a">v. ;</subfield><subfield code="c">65 cm.</subfield></datafield><datafield ind1=" " ind2=" " tag="310"><subfield code="a">Weekly</subfield></datafield><datafield ind1="0" ind2=" " tag="362"><subfield code="a">Vol. 1, no. 1 (July 13, 1882)-</subfield></datafield><datafield ind1="1" ind2=" " tag="362"><subfield code="a">Ceased in 1882?</subfield></datafield><datafield ind1=" " ind2=" " tag="500"><subfield code="a">Published at Scranton, Kan., Sept. 7, 1882-</subfield></datafield><datafield ind1=" " ind2=" " tag="500"><subfield code="a">"National Labor party."</subfield></datafield><datafield ind1=" " ind2=" " tag="500"><subfield code="a">"Organ of the common people."</subfield></datafield><datafield ind1=" " ind2=" " tag="752"><subfield code="a">United States</subfield><subfield code="b">Kansas</subfield><subfield code="c">Osage</subfield><subfield code="d">Lyndon.</subfield></datafield><datafield ind1=" " ind2=" " tag="752"><subfield code="a">United States</subfield><subfield code="b">Kansas</subfield><subfield code="c">Osage</subfield><subfield code="d">Scranton.</subfield></datafield></record>